@book{winskel93,
  author       = {Glynn Winskel},
  title        = {The formal semantics of programming languages - an introduction},
  series       = {Foundation of computing series},
  publisher    = {{MIT} Press},
  year         = {1993},
  isbn         = {978-0-262-23169-5}
}

@book{nielson07,
  title={Semantics with Applications: An Appetizer},
  author={Nielson, Hanne Riis and Nielson, Flemming},
  year={2007},
  doi={https://doi.org/10.1007/978-1-84628-692-6},
  publisher={Springer London},
  pages={274}
}

@book{crole03,
  author       = {Roy L. Crole},
  title        = {Categories for Types},
  series       = {Cambridge mathematical textbooks},
  publisher    = {Cambridge University Press},
  year         = {1993},
  isbn         = {978-0-521-45701-9}
}
@book{adams95,
  title={The Hitchhiker's Guide to the Galaxy},
  author={Adams, D.},
  isbn={9780330508117},
  year={2009},
  publisher={Pan MacMillan}
}
