@inproceedings{rosu12,
  author       = {Chucky Ellison and
                  Grigore Rosu},
  editor       = {John Field and
                  Michael Hicks},
  title        = {An executable formal semantics of {C} with applications},
  booktitle    = {Proceedings of the 39th {ACM} {SIGPLAN-SIGACT} Symposium on Principles
                  of Programming Languages, {POPL} 2012, Philadelphia, Pennsylvania,
                  USA, January 22-28, 2012},
  pages        = {533--544},
  publisher    = {{ACM}},
  year         = {2012},
  url          = {https://doi.org/10.1145/2103656.2103719},
  doi          = {10.1145/2103656.2103719}
}

@book{adams95,
  title={The Hitchhiker's Guide to the Galaxy},
  author={Adams, D.},
  isbn={9780330508117},
  year={2009},
  publisher={Pan MacMillan}
}
